%
%  An example of a bibliographical database for bibTeX
%
%  Recommended software for maintenance of *.bib files:
%    JabRef, http://jabref.sourceforge.net/
%
%  BEWARE:
%
%    *  If a name contains a capital letter, which must be kept such,
%       use curly brackets ({T}hailand, {HIV}).
%
%  ===========================================================================

@book{Flach:2012:MLA:2490546,
 author = {Flach, Peter},
 title = {Machine Learning: The Art and Science of Algorithms That Make Sense of Data},
 year = {2012},
 isbn = {1107422221, 9781107422223},
 publisher = {Cambridge University Press},
 address = {New York, NY, USA}
} 
